<?xml version="1.0" encoding="UTF-8"?><collection xmlns="http://www.loc.gov/MARC21/slim"><record><leader>00323nam--2200133-i-4500</leader><controlfield tag="001">000030963</controlfield><controlfield tag="002">20161230</controlfield><controlfield tag="005">20161230201038</controlfield><controlfield tag="008">060222s1000------------r-----000-0-eng-d</controlfield><datafield ind1=" " ind2=" " tag="080"><subfield code="a">577.3(061.3)</subfield></datafield><datafield ind1=" " ind2=" " tag="245"><subfield code="a">The living state-ii</subfield></datafield><datafield ind1=" " ind2=" " tag="260"><subfield code="a">Singapore, World Scientific, 1985. Xv+699p</subfield></datafield><datafield ind1=" " ind2=" " tag="700"><subfield code="a">Mishra, R.K</subfield></datafield><datafield ind1=" " ind2=" " tag="852"><subfield code="a">79075</subfield></datafield></record></collection>